<?xml version="1.0" encoding="UTF-8"?><collection xmlns="http://www.loc.gov/MARC21/slim"><record><leader>00523nam--2200169-i-4500</leader><controlfield tag="001">000023475</controlfield><controlfield tag="002">20161230</controlfield><controlfield tag="005">20161230201035</controlfield><controlfield tag="008">060222s1000------------r-----000-0-eng-d</controlfield><datafield ind1="1" ind2=" " tag="100"><subfield code="a">Tabak, Daniel</subfield></datafield><datafield ind1="1" ind2="0" tag="245"><subfield code="a">Optimal control by mathematical programming</subfield><subfield code="c">Daniel Tabak; Benjamin C. Kuo</subfield></datafield><datafield ind1=" " ind2=" " tag="260"><subfield code="a">Englewood Cliffs, Prentice-hall, Inc., 1971</subfield></datafield><datafield ind1=" " ind2=" " tag="300"><subfield code="a">XIII + 237P</subfield></datafield><datafield ind1=" " ind2=" " tag="490"><subfield code="a">Prentice-Hall Instrumentation and Controls Series</subfield></datafield><datafield ind1=" " ind2=" " tag="700"><subfield code="a">Kuo, Benjamin C</subfield></datafield><datafield ind1=" " ind2=" " tag="852"><subfield code="a">42570</subfield><subfield code="c">519.2</subfield></datafield><datafield ind1=" " ind2=" " tag="CAT"><subfield code="a">Sys</subfield><subfield code="c">20100527</subfield><subfield code="h">130923</subfield></datafield></record></collection>